
@misc{JavaWiki,
    title = {Java (programming language)},
    howpublished = {\url{https://en.wikipedia.org/wiki/Java_(programming_language)}},
	Urlaccessdate = {9.8.2017}}
}

@misc{CursoJava,
    author = {Gustavo Guanabara},
    title = {Curso de Java \#01 - História do Java},
    howpublished = {\url{https://www.youtube.com/watch?v=sTX0UEplF54}},
	Urlaccessdate = {9.8.2017}}
}

@misc{C,
    author = {Wilton Leonardo},
    title = {A Evolução do C},
    howpublished = {\url{https://alinguagemc.wordpress.com/2013/10/20/a-evolucao-do-c/}},
    year = 2013,
	Urlaccessdate = {9.8.2017}}
}

@misc{CPP,
    title = {C++},
    howpublished = {\url{https://en.wikipedia.org/wiki/C\%2B\%2B)}},
	Urlaccessdate = {9.8.2017}}
}

@misc{IntroCPP,
    title = {Introdução - C++},
    howpublished = {\url{http://www.tiexpert.net/programacao/c/introducao-cpp.php}},
	Urlaccessdate = {9.8.2017}}
}

@article{proebsting2002disruptive,
  title={Disruptive programming language technologies},
  author={Proebsting, Todd A},
  journal={Unpublished note},
  year={2002}
}

@misc{Rank,
    title = {TIOBE Programming Community Index Definition},
    howpublished = {\url{https://tiobe.com/tiobe-index/programming-languages-definition/}},
	Urlaccessdate = {10.8.2017}}
}

